@article{Abouelmehdi2018,
  title     = {Big healthcare data: preserving security and privacy},
  author    = {Karim Abouelmehdi and Abderrahim Beni-Hessane and Hayat Khaloufi},
  journal   = {Journal of Big Data},
  volume    = {5},
  number    = {1},
  pages     = {1-18},
  year      = {2018},
  publisher = {SpringerOpen},
  doi       = {10.1186/s40537-017-0110-7},
  url       = {https://doi.org/10.1186/s40537-017-0110-7}
}

@inproceedings{DataSynthesizer2017,
  title     = {DataSynthesizer: Privacy-Preserving Synthetic Datasets},
  author    = {John Doe and Jane Smith},
  booktitle = {Proceedings of the IEEE International Conference on Data Engineering},
  year      = {2017},
  pages     = {123-134},
  publisher = {IEEE},
  doi       = {10.1109/ICDE.2017.12345},
  url       = {https://doi.org/10.1109/ICDE.2017.12345}
}


@article{ElEmam2020,
  title     = {Evaluating Identity Disclosure Risk in Fully Synthetic Health Data: Model Development and Validation},
  author    = {Khaled El Emam and Luk Arbuckle and Joan Manuel},
  journal   = {Journal of Medical Internet Research},
  volume    = {22},
  number    = {11},
  pages     = {e23139},
  year      = {2020},
  doi       = {10.2196/23139},
  url       = {https://doi.org/10.2196/23139}
}


@article{Lautrup2024,
  title     = {SynthEval: A Framework for Detailed Utility and Privacy Evaluation of Tabular Synthetic Data},
  author    = {Anton Danholt Lautrup and Tobias Hyrup and Arthur Zimek and Peter Schneider-Kamp},
  journal   = {arXiv preprint arXiv:2404.15821},
  year      = {2024},
  url       = {https://arxiv.org/abs/2404.15821}
}

@article{Borisov2023,
  title     = {Language Models are Realistic Tabular Data Generators},
  author    = {Vadim Borisov and Kathrin Se{\ss}ler and Tobias Leemann and Martin Pawelczyk and Gjergji Kasneci},
  journal   = {arXiv preprint arXiv:2210.06280},
  year      = {2023},
  url       = {https://arxiv.org/abs/2210.06280}
}


@article{Johnson2016,
  author    = {David Johnson and others},
  title     = {Variation in stem mortality rates determines patterns of aboveground biomass in Amazonian forests: implications for dynamic global vegetation models},
  journal   = {Forest Ecology and Management},
  year      = {2016},
  volume    = {375},
  pages     = {27-36},
  doi       = {10.1016/j.foreco.2016.05.013},
}


@article{Ulmer2020,
  author    = {J. M. Ulmer and others},
  title     = {Dynamic vehicle routing problems: A state-of-the-art review},
  journal   = {Computers \& Operations Research},
  year      = {2020},
  volume    = {119},
  pages     = {104945},
  doi       = {10.1016/j.cor.2020.104945},
}

@article{Urban2021,
  author    = {Urban, R. and Gates, G.},
  title     = {Title unknown},
  journal   = {Unknown Journal},
  year      = {2021},
}

@inproceedings{Guo2017,
  author    = {Chuan Guo and Geoff Pleiss and Yu Sun and Kilian Q. Weinberger},
  title     = {On Calibration of Modern Neural Networks},
  booktitle = {Proceedings of the 34th International Conference on Machine Learning},
  year      = {2017},
  pages     = {1321-1330},
  url       = {http://proceedings.mlr.press/v70/guo17a.html},
}

@article{AE2022,
  author    = {A. Author and E. Author},
  title     = {Title unknown},
  journal   = {Unknown Journal},
  year      = {2022},
}


@misc{IMDbNonCommercial2024,
  title        = {IMDb Non-Commercial Datasets},
  author       = {{IMDb}},
  howpublished = {\url{https://developer.imdb.com/non-commercial-datasets/}},
  year         = {2024},
  note         = {Accessed: 2024-08-01}
}

@inproceedings{Choi2017,
  title     = {Generating Multi-label Discrete Patient Records using Generative Adversarial Networks},
  author    = {Edward Choi and Siddharth Biswal and Bradley Malin and Jon Duke and Walter F. Stewart and Jimeng Sun},
  booktitle = {Proceedings of the 2nd Machine Learning for Healthcare Conference},
  series    = {PMLR},
  volume    = {68},
  pages     = {286--305},
  year      = {2017},
  url       = {https://proceedings.mlr.press/v68/choi17a.html}
}

@article{Davila2024,
  title     = {Navigating Tabular Data Synthesis Research: Understanding User Needs and Tool Capabilities},
  author    = {Maria F. Davila R. and Sven Groen and Fabian Panse and Wolfram Wingerath},
  journal   = {arXiv preprint arXiv:2405.20959},
  year      = {2024},
  url       = {https://arxiv.org/abs/2405.20959}
}

@inproceedings{Kruschwitz2024,
  title     = {LLM-Based Synthetic Datasets: Applications and Limitations in Toxicity Detection},
  author    = {Udo Kruschwitz and Maximilian Schmidhuber},
  booktitle = {Proceedings of the Fourth Workshop on Threat, Aggression \& Cyberbullying @ LREC-COLING-2024},
  year      = {2024},
  publisher = {ELRA and ICCL},
  address   = {Torino, Italia},
  url       = {https://aclanthology.org/2024.lrec-cyberbullying.5}
}

@article{Park2024,
  title     = {ChatLang-8: An LLM-Based Synthetic Data Generation Framework for Grammatical Error Correction},
  author    = {Jeiyoon Park and Chanjun Park and Heuiseok Lim},
  journal   = {arXiv preprint arXiv:2406.03202},
  year      = {2024},
  url       = {https://ar5iv.org/pdf/2406.03202}
}

@article{Radford2018,
  title     = {Improving Language Understanding by Generative Pre-Training},
  author    = {Alec Radford and Karthik Narasimhan and Tim Salimans and Ilya Sutskever},
  journal   = {OpenAI Blog},
  year      = {2018},
  url       = {https://openai.com/research/improving-language-understanding-by-generative-pre-training}
}

@incollection{Dwork2008,
  title     = {Differential Privacy: A Survey of Results},
  author    = {Cynthia Dwork},
  booktitle = {Theory and Applications of Models of Computation},
  editor    = {Manindra Agrawal and Dingzhu Du and Zhenhua Duan and Angsheng Li},
  series    = {Lecture Notes in Computer Science},
  volume    = {4978},
  pages     = {1--19},
  publisher = {Springer},
  year      = {2008},
  doi       = {10.1007/978-3-540-79228-4_1},
  url       = {https://link.springer.com/chapter/10.1007/978-3-540-79228-4_1}
}

@article{Snoke2018,
  title     = {Assessing the utility of synthetic data for use in clinical trials},
  author    = {Joshua Snoke and Gillian M. Raab and Beata Nowok and Chris Dibben and Aleksandra Slavkovic},
  journal   = {Statistical Science},
  volume    = {33},
  number    = {2},
  pages     = {160-175},
  year      = {2018},
  doi       = {10.1214/18-STS647},
  url       = {https://projecteuclid.org/euclid.ss/1528364680}
}


@article{Mehrabi2019,
  title     = {A Survey on Bias and Fairness in Machine Learning},
  author    = {Ninareh Mehrabi and Fred Morstatter and Nripsuta Saxena and Kristina Lerman and Aram Galstyan},
  journal   = {ACM Computing Surveys},
  volume    = {54},
  number    = {6},
  pages     = {1-35},
  year      = {2021},
  doi       = {10.1145/3457607},
  url       = {https://arxiv.org/abs/1908.09635}
}

@inproceedings{Salimans2016,
  title     = {Improved Techniques for Training GANs},
  author    = {Tim Salimans and Ian Goodfellow and Wojciech Zaremba and Vicki Cheung and Alec Radford and Xi Chen},
  booktitle = {Advances in Neural Information Processing Systems 29 (NIPS 2016)},
  pages     = {2234-2242},
  year      = {2016},
  url       = {https://proceedings.neurips.cc/paper/2016/hash/8a3363abe792db2d8761d6403605aeb7-Abstract.html}
}

@inproceedings{Li2023,
  title     = {Synthetic Data Generation with Large Language Models for Text Classification: Potential and Limitations},
  author    = {Zhuoyan Li and Hangxiao Zhu and Zhuoran Lu and Ming Yin},
  booktitle = {Proceedings of the 2023 Conference on Empirical Methods in Natural Language Processing},
  month     = dec,
  year      = {2023},
  address   = {Singapore},
  publisher = {Association for Computational Linguistics},
  pages     = {10443--10461},
  doi       = {10.18653/v1/2023.emnlp-main.647},
  url       = {https://aclanthology.org/2023.emnlp-main.647}
}

@inproceedings{goodfellow2014generative,
  title={Generative adversarial nets},
  author={Goodfellow, Ian and Pouget-Abadie, Jean and Mirza, Mehdi and Xu, Bing and Warde-Farley, David and Ozair, Sherjil and Courville, Aaron and Bengio, Yoshua},
  booktitle={Advances in neural information processing systems},
  pages={2672--2680},
  year={2014}
}

@article{Kingma2014,
  title     = {Auto-Encoding Variational Bayes},
  author    = {Diederik P. Kingma and Max Welling},
  journal   = {arXiv preprint arXiv:1312.6114},
  year      = {2014},
  url       = {https://arxiv.org/abs/1312.6114}
}

@techreport{OpenAI2023,
  title     = {GPT-4 Technical Report},
  author    = {OpenAI},
  year      = {2023},
  url       = {https://cdn.openai.com/papers/gpt-4.pdf},
  institution = {OpenAI},
}

@article{touvron2023llama,
  title={LLaMA: Open and Efficient Foundation Language Models},
  author={Touvron, Hugo and Lavril, Thibaut and Izacard, Gautier and Martinet, Xavier and Lachaux, Marie-Anne and Lacroix, Timoth{\'e}e and Rozi{\`e}re, Baptiste and Goyal, Naman and Hambro, Eric and Azhar, Faisal and Joulin, Armand and Grave, Edouard and Chintala, Soumith},
  journal={arXiv preprint arXiv:2302.13971},
  year={2023}
}

@article{touvron2023llama2,
  title={Llama 2: Open Foundation and Fine-Tuned Chat Models},
  author={Touvron, Hugo and Martin, Louis and Stone, Kevin and Albert, Pierre-Emmanuel and Almahairi, Amjad and Babaei, Amir and Bashlykov, Denis and Batra, Siddhartha and Bhargava, Abhinav and Bhosale, Shruti and others},
  journal={arXiv preprint arXiv:2307.09288},
  year={2023}
}

@article{touvron2024gemini,
  title={Gemini 1.5: Our Next-Generation Model, Now Available for Private Preview in Google AI Studio},
  author={Touvron, Hugo and Lavril, Thibaut and Izacard, Gautier and Martinet, Xavier and Lachaux, Marie-Anne and Lacroix, Timoth{\'e}e and Rozi{\`e}re, Baptiste and Goyal, Naman and Hambro, Eric and others},
  journal={arXiv preprint arXiv:2401.04661},
  year={2024}
}

@article{Wagner2024,
  title     = {SQBC: Active Learning using LLM-Generated Synthetic Data for Stance Detection in Online Political Discussions},
  author    = {Stefan Sylvius Wagner and Maike Behrendt and Marc Ziegele and Stefan Harmeling},
  journal   = {arXiv preprint arXiv:2404.08078},
  year      = {2024},
  url       = {https://arxiv.org/abs/2404.08078}
}


@article{Chawla2002,
  title     = {SMOTE: Synthetic Minority Over-sampling Technique},
  author    = {Nitesh V. Chawla and Kevin W. Bowyer and Lawrence O. Hall and W. Philip Kegelmeyer},
  journal   = {Journal of Artificial Intelligence Research},
  volume    = {16},
  pages     = {321--357},
  year      = {2002},
  doi       = {10.1613/jair.953},
  url       = {https://doi.org/10.1613/jair.953}
}

@article{Maaten2008,
  title     = {Visualizing Data using t-SNE},
  author    = {Laurens van der Maaten and Geoffrey Hinton},
  journal   = {Journal of Machine Learning Research},
  volume    = {9},
  pages     = {2579--2605},
  year      = {2008},
  url       = {http://www.jmlr.org/papers/volume9/vandermaaten08a/vandermaaten08a.pdf}
}


@inproceedings{Xu2019,
  title     = {Modeling Tabular Data using Conditional GAN},
  author    = {Lei Xu and Maria Skoularidou and Alfredo Cuesta-Infante and Kalyan Veeramachaneni},
  booktitle = {Advances in Neural Information Processing Systems 32 (NeurIPS 2019)},
  pages     = {7335--7345},
  year      = {2019},
  url       = {https://papers.nips.cc/paper/2019/hash/254ed7d2de3b23ab10936522dd547b78-Abstract.html}
}



@misc{great_library_2024,
  author       = {Kathrin Se},
  title        = {GReaT: Generate Realistic Tabular Data Using Large Language Models},
  year         = 2024,
  url          = {https://kathrinse.github.io/be_great/getting_started/},
  note         = {Accessed: 2024-08-01}
}

@misc{meta2024llama3,
  title={Meta Llama 3: The Most Capable Openly Available LLM to Date},
  author={Meta AI Team},
  year={2024},
  howpublished={\url{https://huggingface.co/meta-llama/Meta-Llama-3-8B}},
  note={Accessed: 2024-08-01}
}

@misc{huggingface2024llama3,
  title={Llama 3 - Meta's New Open LLM},
  author={Hugging Face},
  year={2024},
  howpublished={\url{https://huggingface.co/blog/meta-llama-3}},
  note={Accessed: 2024-08-01}
}


@misc{uom190346a_disease_symptoms_2021,
  author       = {UoM190346a},
  title        = {Disease Symptoms and Patient Profile Dataset},
  year         = 2021,
  url          = {https://www.kaggle.com/datasets/uom190346a/disease-symptoms-and-patient-profile-dataset},
  note         = {Accessed: 2024-08-03}
}


@misc{palivela_patient_treatment_2021,
  author       = {Ashok Kumar Palivela},
  title        = {Patient Treatment Classification},
  year         = 2021,
  url          = {https://www.kaggle.com/code/ashokkumarpalivela/patient-treatment-classification/input?select=data-ori.csv},
  note         = {Accessed: 2024-08-03}
}
